@Book{Wooldridge2010,
author = {Jeffrey M. Wooldridge},
title = {Econometric Analysis of Cross Section and Panel Data, Second Edition},
publisher = {The MIT Press},
year = {2010}
}

@Book{Amemiya1985,
author = {Takeshi Amemiya},
title = {Advanced Econometrics},
publisher = {Harvard University Press},
year = {1985}
}

@Book{White1980,
author = {Halbert White},
title = {Asymptotic Theory for Econometricians},
publisher = {The MIT Press},
year = {1980}
}